@article{Chen09,
	Author = {J H Chen and A Choudhary and B de Supinski and M DeVries and E R Hawkes and S Klasky and W K Liao and K L Ma and J Mellor-Crummey and N Podhorszki and R Sankaran and S Shende and C S Yoo},
	Journal = {Computational Science \& Discovery},
	Number = {1},
	Pages = {015001},
	Title = {Terascale direct numerical simulations of turbulent combustion using {S3D}},
	Url = {http://stacks.iop.org/1749-4699/2/i=1/a=015001},
	Volume = {2},
	Year = {2009},
	Bdsk-Url-1 = {http://stacks.iop.org/1749-4699/2/i=1/a=015001}}


@ARTICLE{yu:cga:2010,
  author={Hongfeng Yu and Chaoli Wang and Grout, R.W. and Chen, J.H. and Kwan-Liu Ma},
  journal={Computer Graphics and Applications, IEEE},
  title={In Situ Visualization for Large-Scale Combustion Simulations},
  year={2010},
  month={May},
  volume={30},
  number={3},
  pages={45-57},
  keywords={combustion;data visualisation;production engineering computing;exascale level;in situ visualization;large-scale combustion simulation;petascale level;scientific supercomputing;turbulent combustion;Combustion;Data visualization;Ignition;Large-scale systems;computer graphics;graphics and multimedia;in situ visualization;large-scale simulation;parallel rendering;scalability;supercomputing},
  doi={10.1109/MCG.2010.55},
  ISSN={0272-1716},
}

@ARTICLE{Lu:jfm:2010,
    author={Lu, T.F. and Yoo, C.S. and Chen, J.H. and Law, C.K.},
    title={Three-dimensional direct numerical simulation of a turbulent lifted hydrogen jet flame in heated coflow: A chemical explosive mode analysis},
    journal={Journal of Fluid Mechanics},
    year={2010},
    volume={652},
    pages={45-64},
    note={cited By (since 1996)24},
    url={http://www.scopus.com/inward/record.url?eid=2-s2.0-77953555459&partnerID=40&md5=f595c8c118ecc2866bb16da720a616d2},
    document_type={Article},
    source={Scopus},
}

@inproceedings{Bennett:sc:2012,
  author = {Bennett, Janine C. and Abbasi, Hasan and Bremer, Peer-Timo and Grout, Ray and Gyulassy, Attila and Jin, Tong and Klasky, Scott and Kolla, Hemanth and Parashar, Manish and Pascucci, Valerio and Pebay, Philippe and Thompson, David and Yu, Hongfeng and Zhang, Fan and Chen, Jacqueline},
  title = {Combining In-situ and In-transit Processing to Enable Extreme-scale Scientific Analysis},
  booktitle = {Proceedings of the International Conference on High Performance Computing, Networking, Storage and Analysis},
  series = {SC '12},
  year = {2012},
  isbn = {978-1-4673-0804-5},
  location = {Salt Lake City, Utah},
  pages = {49:1--49:9},
  articleno = {49},
  numpages = {9},
  url = {http://dl.acm.org/citation.cfm?id=2388996.2389063},
  acmid = {2389063},
  publisher = {IEEE Computer Society Press},
  address = {Los Alamitos, CA, USA},
}

@ARTICLE{Wang:cga:2010,
  author={Wang, C. and Yu, H. and Ma, K.-L.},
  title={Application-driven compression for visualizing large-scale time-varying data},
  journal={IEEE Computer Graphics and Applications},
  year={2010},
  volume={30},
  number={1},
  pages={59-69},
  art_number={5370743},
  url={http://www.scopus.com/inward/record.url?eid=2-s2.0-75149166534&partnerID=40&md5=4b5e386ec5c493e4224418d3d7ec2090},
  document_type={Article},
  source={Scopus},
}

@article{Habib:jpcs:2009,
  author={Salman Habib and Adrian Pope and Zarija Lukić and David Daniel and Patricia Fasel and Nehal Desai and Katrin
    Heitmann and Chung-Hsing Hsu and Lee Ankeny and Graham Mark and Suman Bhattacharya and James Ahrens},
  title={Hybrid petacomputing meets cosmology: The Roadrunner Universe project},
  journal={Journal of Physics: Conference Series},
  volume={180},
  number={1},
  pages={012019},
  url={http://stacks.iop.org/1742-6596/180/i=1/a=012019},
  year={2009},
}

@article{Pope:cse:2010,
  author = "Pope, Adrian and Habib, Salman and Lukić, Zarija and Daniel, David and Fasel, Patricia and Desai, Nehal and Heitmann, Katrin",
  title = "The Accelerated Universe",
  journal = "Computing in Science \& Engineering",
  year = "2010",
  volume = "12",
  number = "4", 
  pages = "17-25",
  url = "http://scitation.aip.org/content/aip/journal/cise/12/4/10.1109/MCSE.2010.28",
  doi = "http://dx.doi.org/10.1109/MCSE.2010.28" 
}

@INPROCEEDINGS{Habib:sc:2012,
  author={Habib, S. and Morozov, V. and Finkel, H. and Pope, A. and Heitmann, K. and Kumaran, K. and Peterka, T. and Insley, J. and Daniel, D. and Fasel, P. and Frontiere, N. and Lukic, Z.},
  booktitle={High Performance Computing, Networking, Storage and Analysis (SC), 2012 International Conference for},
  title={The Universe at extreme scale: Multi-petaflop sky simulation on the BG/Q},
  year={2012},
  month={Nov},
  pages={1-11},
  keywords={astronomy computing;computer architecture;cosmology;dark energy;dark matter;galaxies;hybrid simulation;multiprocessing systems;6.23 PFlops;BG/Q;HACC;astronomical observation;cosmological simulation;cosmological survey;dark Universe;dark energy;dark matter;galaxy mapping;hybrid-hardware accelerated cosmology code;multicore system;multipetaflop sky simulation;next generation sky survey;Accuracy;Computer architecture;Force;Hardware;Instruction sets;Kernel;Registers},
  doi={10.1109/SC.2012.106},
  ISSN={2167-4329},
}

@inproceedings{Habib:sc:2013,
  author = {Habib, Salman and Morozov, Vitali and Frontiere, Nicholas and Finkel, Hal and Pope, Adrian and Heitmann, Katrin},
  title = {HACC: Extreme Scaling and Performance Across Diverse Architectures},
  booktitle = {Proceedings of SC13:  International Conference for High Performance Computing, Networking, Storage and Analysis},
  series = {SC '13},
  year = {2013},
  isbn = {978-1-4503-2378-9},
  location = {Denver, Colorado},
  pages = {6:1--6:10},
  articleno = {6},
  numpages = {10},
  url = {http://doi.acm.org/10.1145/2503210.2504566},
  doi = {10.1145/2503210.2504566},
  acmid = {2504566},
  publisher = {ACM},
  address = {New York, NY, USA},
} 

@article{Woodring:ajss:2011,
  author={Jonathan Woodring and Katrin Heitmann and James Ahrens and Patricia Fasel and Chung-Hsing Hsu and Salman Habib and Adrian
    Pope},
  title={Analyzing and Visualizing Cosmological Simulations with ParaView},
  journal={The Astrophysical Journal Supplement Series},
  volume={195},
  number={1},
  pages={11},
  url={http://stacks.iop.org/0067-0049/195/i=1/a=11},
  year={2011},
}

@article{Ringler:om:2013,
  author  = {T. Ringler and M. Petersen and R.L. Higdon and D.W. Jacobsen and 
    P.W. Jones and M. Maltrud},
  title   = {{A Multiresolution Approach to Global Ocean Modeling}},
  journal = {Ocean Modelling},
  year    = 2013,
  volume  = {69},
  pages   = {211-232},
  doi     = {10.1016/j.ocemod.2013.04.010},
}

@article{GrieselEtAl2014,
  author  = {A. Griesel and J.L. McClean and S.T. Gille and J. Sprintall and C. Eden},
  title   = {{Eulerian and Lagrangian Isopycnal Eddy Diffusivities in the Southern Ocean of an Eddying Model}},
  journal = {J. Phys. Oceanogr.},
  year    = 2014,
  volume  = {44},
  pages   = {644--661},
  doi     = {10.1175/JPO-D-13-039.1}
}

@article{LaCasce2008,
  author  = {J.H. LaCasce},
  title   = {{Statistics from Lagrangian observations}},
  journal = {Prog. In Oceanogr.},
  year    = 2008,
  volume  = {77},
  pages   = {1-29},
  doi     = {10.1016/j.pocean.2008.02.002}
}

@article{Yu:tvcg:2014,
  author = {H. Yu and J. Xie and K.-L. Ma and H. Kolla and J. Chen},
  title = {Scalable Parallel Distance Field Construction for Large-Scale Applications},
  journal = {Submitted to IEEE Transactions on Visualization and Computer Graphics},
  year = 2014,
}

@misc{mpasgrid:2014,
  title = {From National Center for Atmospheric Research},
  howpublished = {\url{http://www.nar.ucar.edu/sites/default/files/nesl/2012_mmm/II_F_fig1.jpg}},
  note = {Accessed: 03-28-2014}
}
