@TechReport{doe-prog:2011,
  author = "Saman Amarasinghe and Mary Hall and Richard Lethin and
            Keshav Pingali and Dan Quinlan and Vivek Sarkar and 
            John Shalf and Robert Lucas and Katherine Yelick and 
            Pavan Balaji and Pedro C. Diniz and Alice Koniges and 
            Marc Snir", 
  title  = "\href{http://science.energy.gov/~/media/ascr/pdf/program-documents/docs/ProgrammingChallengesWorkshopReport.pdf}
          {Exascale Programming Challenges -- Report of the 2011 Workshop on Exascale Programming Challenges}",
  month  = {July},
  day    = {27--29},
  year   = {2011}
}


@TechReport{doe-tools:2011,
  author = "John Daly and Jeff Hollingsworth and Paul Hovland and 
            Curt Janssen and Osni Marques and John Mellor-Crummey and
            Barton Miller and Dan Quinlan and Philip Roth and 
            Martin Schulz and David Skinner and Jeffrey Vetter", 
  title  = "\href{http://science.energy.gov/~/media/ascr/pdf/research/cs/Exascale\%20Workshop/Exascale_Tools_Workshop_Report.pdf}
          {Tools for Exascale Computing: Challenges and Strategies -- Report of the 2011 ASCR Exascale Tools Workshop}",
  month  = {October},
  day    = {13--14},
  year   = {2011}
}

@TechReport{doe-data:2011,
  author = "Sean Ahern and Arie Shoshani and Kwan-Liu Ma and 
            Alok Choudary and Terence Critchlow and Scott Klasky and 
            Valerio Pascucci and Jim Ahrens and E. Wes Bethel and 
            Hank Childs and Key Joy and Quincy Koziol and Gerald Lofstead and
            Jeremy Meredith and Kenneth Moreland and George Ostrouchov and
            Michael Papka and Venkatram Vishwanath and Matthew Wolf and
            and Nicholas Wright and Kesheng Wu",
  title   = "\href{http://science.energy.gov/~/media/ascr/pdf/program-documents/docs/Exascale-ASCR-Analysis.pdf}
            {Scientific Discovery at the Exascale: Report from the DOE ASCR 2011 Workshop on Exascale Data Management, Analysis 
            and Visualization}", 
  month   = {February},
  year    = {2011} 
} 


@TechReport{doe-ascac-data:2013,
  author = "Jacqueline Chen and Alok Choudhary and Stuart Feldman and 
            Bruce Hendrickson and Chris Johnson and Richard Mount and 
            Vivek Sarkar and Victoria White and Dean Williams",
  title  = "\href{http://science.energy.gov/~/media/ascr/ascac/pdf/reports/2013/ASCAC_Data_Intensive_Computing_report_final.pdf} 
          {Synergistic Challenges in Data-Intensive Science and Exascale Computing}", 
  month  = {March},
  year   = {2013}
}


@TechReport{doe-arch-tech:2009,
  author = "Rick Stevens and Andrew White and Sudip Dosanjh and
            Al Geist and Brent Gorda and Kathy Yelick and
			John Morrison and Horst Simon and John Shalf and 
			Jeff Nichols and Mark Seager",
  title  = "\href{http://science.energy.gov/~/media/ascr/pdf/program-documents/docs/Arch_tech_grand_challenges_report.pdf} 
          {Scientific Grand Challenges -- Architectures and Technology for Exascale Computing}", 
  month  = {December},
  day    = {8--10},
  year   = {2009}
}

@misc{ascr:codesign:2014,
  title = {{Scientific Discovery through Advanced Computing (SciDAC) -- Co-Design}},
  howpublished = "\url{http://science.energy.gov/ascr/research/scidac/co-design/}",
  url   = {http://science.energy.gov/ascr/research/scidac/co-design/},
  month = {March},
  year  = {2014}
}
