@TechReport{kogge:2008:exascale,
  author =  "Peter Kogge and Keren Bergman and Shekhar Borkar and
             Dan Campbell and William Carlson and William Dally
             and Monty Denneau and Paul Franzon and William
             Harrod and Kerry Hill and Jon Hiller and Sherman
             Karp and Stephen Keckler and Dean Klein and Robert
             Lucas and Mark Richards and Al Scarpelli and Steven
             Scott and Allan Snavely and Thomas Sterling and
             R. Stanley Williams and Katherine Yelick",
  title =   "ExaScale Computing Study: Technology Challenges in
             Achieving Exascale Systems",
  institution =	 "DARPA Information Processing Techniques Office",
  year =  "2008"
}

@TechReport{simon:2007:modeling,
  author        = "Horst Simon and Thomas Zacharia and Rick Stevens",
  title         = "Modeling and Simulation at the Exascale for Energy and the
                   Environment",
  institution   = "US Department of Energy, Office of Science",
  year          = "2007"
}

@misc{exact:2014,
  title = {{ExaCT -- Center for Exascale Simulation of Combustion in Turbulence}},
  howpublished = "\url{http://exactcodesign.org}",
  url   = {http://exactcodesign.org},
  month = {March},
  year  = {2014}
}

@misc{fastforward:2014,
  title = {{FastForward -- DOE Extreme-Scale Technology Acceleration}},
  howpublished = "\url{https://asc.llnl.gov/fastforward/}",
  url   = {https://asc.llnl.gov/fastforward/},
  month = {March},
  year  = {2014}
}

@misc{designforward:2014,
  title = {{DesignForward -- DOE Extreme-Scale Technology Acceleration}},
  howpublished = "\url{https://sites.google.com/a/lbl.gov/exascale-initiative/design-forward}",
  url   = {https://sites.google.com/a/lbl.gov/exascale-initiative/design-forward},
  month = {March},
  year  = {2014}
}

@inproceedings{shalf:2010,
 author = {Shalf, John and Dosanjh, Sudip and Morrison, John},
 title = {Exascale Computing Technology Challenges},
 booktitle = {Proceedings of the 9th International Conference on High Performance Computing for Computational Science},
 series = {VECPAR'10},
 year = {2011},
 isbn = {978-3-642-19327-9},
 location = {Berkeley, CA},
 pages = {1--25},
 numpages = {25},
 url = {http://dl.acm.org/citation.cfm?id=1964238.1964240},
 acmid = {1964240},
 publisher = {Springer-Verlag},
 address = {Berlin, Heidelberg},
 keywords = {HPC, codesign, exascale},
} 
