@inproceedings{Bauer:SC12:2012,
 author = {Bauer, Michael and Treichler, Sean and Slaughter, Elliott
                  and Aiken, Alex},
 title = {Legion: Expressing Locality and Independence with Logical
                  Regions},
 booktitle = {Proceedings of the International Conference on High
                  Performance Computing, Networking, Storage and
                  Analysis},
 series = {SC '12},
 year = {2012},
 isbn = {978-1-4673-0804-5},
 location = {Salt Lake City, Utah},
 pages = {66:1--66:11},
 articleno = {66},
 numpages = {11},
 url = {http://dl.acm.org/citation.cfm?id=2388996.2389086},
 acmid = {2389086},
 publisher = {IEEE Computer Society Press},
 address = {Los Alamitos, CA, USA},
} 

@inproceedings{Treichler:2013:OOPSLA,
 author = {Treichler, Sean and Bauer, Michael and Aiken, Alex},
 title = {Language Support for Dynamic, Hierarchical Data Partitioning},
 booktitle = {Proceedings of the 2013 ACM SIGPLAN International
                  Conference on Object Oriented Programming Systems
                  Languages \&\#38; Applications},
 series = {OOPSLA '13},
 year = {2013},
 isbn = {978-1-4503-2374-1},
 location = {Indianapolis, Indiana, USA},
 pages = {495--514},
 numpages = {20},
 url = {http://doi.acm.org/10.1145/2509136.2509545},
 doi = {10.1145/2509136.2509545},
 acmid = {2509545},
 publisher = {ACM},
 address = {New York, NY, USA},
 keywords = {aliasing, coherence, data partitioning, hierarchical
                  scheduling, independence, legion, regions, type
                  system},
} 


@misc{legion:github:2014,
  title = {{Open source Legion}},
  howpublished = "\url{https://github.com/StanfordLegion/legion}",
  url   = {https://github.com/StanfordLegion/legion},
  month = {March},
  year  = {2014}
}