@inproceedings{ TIT98,
    authors = {K. Yelick and L. Semenzato and G. Pike and C. Miyamoto and 
               B. Liblit and A.d Krishnamurthy and P. Hilfinger and 
               S. Graham and D. Gay and P. Colella and A. Aiken},
    title = "{Titanium}: {A} High-Performance {Java} Dialect",
    booktitle = "Workshop on Java for High-Performance Network Computing",
    year = "1998"
}
 
@Article{Chamberlain:Chapel,
  author  = {B.L. Chamberlain and D. Callahan and H.P. Zima},
  title   = "{Parallel Programmability and the Chapel Language}",
  journal = {Int'l Journ. of High Performance Computing Applications},
  year    = {2007},
}
