@article{Bose:2005,
 author = {Bose, Rajendra and Frew, James},
 title = {Lineage Retrieval for Scientific Data Processing: A Survey},
 journal = {ACM Comput. Surv.},
 issue_date = {March 2005},
 volume = {37},
 number = {1},
 month = mar,
 year = {2005},
 issn = {0360-0300},
 pages = {1--28},
 numpages = {28},
 url = {http://doi.acm.org/10.1145/1057977.1057978},
 doi = {10.1145/1057977.1057978},
 acmid = {1057978},
 publisher = {ACM},
 address = {New York, NY, USA},
 keywords = {Data lineage, audit, data provenance, scientific data, scientific workflow},
} 

@article{Simmhan:2005,
 author = {Simmhan, Yogesh L. and Plale, Beth and Gannon, Dennis},
 title = {A Survey of Data Provenance in e-Science},
 journal = {SIGMOD Rec.},
 issue_date = {September 2005},
 volume = {34},
 number = {3},
 month = sep,
 year = {2005},
 issn = {0163-5808},
 pages = {31--36},
 numpages = {6},
 url = {http://doi.acm.org/10.1145/1084805.1084812},
 doi = {10.1145/1084805.1084812},
 acmid = {1084812},
 publisher = {ACM},
 address = {New York, NY, USA},
} 

