@Misc{            avs:2014,
  author        = {},
  title         = {{AVS}},
  month         = {March},
  year          = {2014},
  howpublished  = "\url{http://www.avs.com}"
}

@Misc{            opendx:2014,
  author        = {},
  title         = {{OpenDX}},
  month         = {March},
  year          = {2014},
  howpublished  = "\url{http://www.opendx.org}"
}

@article{moreland:pipelines:2012,
  author = {K. Moreland},
  title = {A Survey of Visualization Pipelines},
  journal ={IEEE Transactions on Visualization and Computer Graphics},
  volume = {19},
  number = {3},
  issn = {1077-2626},
  year = {2013},
  pages = {367-378},
  doi = {http://doi.ieeecomputersociety.org/10.1109/TVCG.2012.133},
  publisher = {IEEE Computer Society},
  address = {Los Alamitos, CA, USA},
}
                  
@inproceedings{childs:vis:2005,
  added-at = {2013-10-16T00:00:00.000+0200},
  author = {Childs, Henry R. and Brugger, Eric and Bonnell, Kathleen S. and Meredith, Jeremy S. and Miller, Mark C. and Whitlock, Brad and Max, Nelson},
  biburl = {http://www.bibsonomy.org/bibtex/2ef828212068dc8d96e69542d79b3bda5/dblp},
  booktitle = {IEEE Visualization},
  ee = {http://doi.ieeecomputersociety.org/10.1109/VIS.2005.3},
  interhash = {26a37c9bc33ac6d58d8159064d18f189},
  intrahash = {ef828212068dc8d96e69542d79b3bda5},
  isbn = {0-7803-9462-3},
  keywords = {dblp},
  pages = 25,
  publisher = {IEEE Computer Society},
  timestamp = {2013-10-16T00:00:00.000+0200},
  title = {A Contract Based System For Large Data Visualization.},
  url = {http://dblp.uni-trier.de/db/conf/visualization/visualization2005.html#ChildsBBMMWM05},
  year = 2005
}

@ARTICLE{ahrens:cga:2001, 
  author={Ahrens, J. and Brislawn, K. and Martin, K. and Geveci, B. and Law, C.C. and Papka, M.}, 
  journal={Computer Graphics and Applications, IEEE}, 
  title={Large-scale data visualization using parallel data streaming}, 
  year={2001}, 
  month={Jul}, 
  volume={21}, 
  number={4}, 
  pages={34-41}, 
  doi={10.1109/38.933522}, 
  ISSN={0272-1716}
 }
 
 @misc{vtk:2014,
   author = {},
   title = {{VTK -- The Visualization Toolkit}}, 
   month = {March},
   year = {2014},
   howpublished = "\url{http://www.vtk.org}",
 }
 
 @misc{paraview:2014,
   author = {},
   title = {{ParaView -- Open Source Scientific Visualization}},
   month = {March},
   year = {2014},
   howpublished = "\url{http://www.paraview.org}",
 }

 @misc{visit:2014,
   author = {},
   title = {{VisIt Visualization Tool}},
   month = {March},
   year = {2014},
   howpublished = "\url{https://wci.llnl.gov/codes/visit/}",
 }
 
 
@INPROCEEDINGS{moreland:ldav:2011, 
 author={Moreland, K. and Ayachit, U. and Geveci, B. and Kwan-Liu Ma}, 
 booktitle={Large Data Analysis and Visualization (LDAV), 2011 IEEE Symposium on}, 
 title={Dax Toolkit: A proposed framework for data analysis and visualization at Extreme Scale}, 
 year={2011}, 
 month={Oct}, 
 pages={97-104},
}

@inproceedings{lo:egpgv:2012,
  author = {Lo, Li-Ta and Sewell, Christopher and Ahrens, James},
  title = {PISTON: A Portable Cross-Platform Framework for Data-Parallel Visualization Operators.}, 
  booktitle = {Proceedings of the Eurographics Symposium on
              Parallel Graphics and Visualization ({EGPGV}) 2012},
  pages = {11--20},
  year = {2012}
}

@inproceedings{meredith:gpgpu:2012,
 author = {Meredith, Jeremy S. and Sisneros, Robert and Pugmire, David and Ahern, Sean},
 title = {A Distributed Data-parallel Framework for Analysis and Visualization Algorithm Development},
 booktitle = {Proceedings of the 5th Annual Workshop on General Purpose Processing with Graphics Processing Units},
 series = {GPGPU-5},
 year = {2012},
 location = {London, United Kingdom},
 pages = {11--19},
 publisher = {ACM},
 address = {New York, NY, USA},
} 

@inproceedings{moreland:transit:2011, 
  author = {Moreland, Kenneth and Oldfield, Ron and Marion, Pat and Jourdain, Sebastien 
            and Podhorszki, Norbert and Vishwanath, Venkatram and Fabian, Nathan and 
 					  Docan, Ciprian and Parashar, Manish and Hereld, Mark and Papka, Michael E. 
					  and Klasky, Scott},
  title = {Examples of in Transit Visualization},
  booktitle = {Proceedings of the 2Nd International Workshop on Petascale Data Analytics: 
              Challenges and Opportunities},
  series = {PDAC '11},
  year = {2011},
  isbn = {978-1-4503-1130-4},
  location = {Seattle, Washington, USA},
  pages = {1--6},
  numpages = {6},
  url = {http://doi.acm.org/10.1145/2110205.2110207},
  publisher = {ACM},
  address = {New York, NY, USA},
  keywords = {in situ, in transit, parallel scientific visualization, staging},
} 

@inproceedings{Stockinger:2005, 
  author={Stockinger, K. and Shalf, J. and Kesheng Wu and Bethel, E.W.}, 
  booktitle={Visualization, 2005. VIS 05. IEEE}, 
  title={Query-driven visualization of large data sets}, 
  year={2005}, 
  month={Oct}, 
  pages={167-174}, 
}

@article{Gosink:2008, 
  author = {Luke J. Gosink and John C. Anderson and E. Wes Bethel and Kenneth I. Joy},
  title = {Query-Driven Visualization of Time-Varying Adaptive Mesh Refinement Data},
  journal ={IEEE Transactions on Visualization and Computer Graphics},
  volume = {14},
  number = {6},
  issn = {1077-2626},
  year = {2008},
  pages = {1715-1722},
  doi = {http://doi.ieeecomputersociety.org/10.1109/TVCG.2008.157},
  publisher = {IEEE Computer Society},
  address = {Los Alamitos, CA, USA},
}

@article{Silva:2007,
  author = {Claudio T. Silva and Juliana Freire and Steven P. Callahan},
  title = {Provenance for Visualizations: Reproducibility and Beyond},
  journal ={Computing in Science and Engineering},
  volume = {9},
  number = {5},
  issn = {1521-9615},
  year = {2007},
  pages = {82-89},
  doi = {http://doi.ieeecomputersociety.org/10.1109/MCSE.2007.106},
  publisher = {IEEE Computer Society},
  address = {Los Alamitos, CA, USA},
}

@article{Johnson:2009,
 author = {Johnson, C. Ryan and Huang, Jian},
 title = {Distribution-Driven Visualization of Volume Data},
 journal = {IEEE Transactions on Visualization and Computer Graphics},
 issue_date = {September 2009},
 volume = {15},
 number = {5},
 month = sep,
 year = {2009},
 issn = {1077-2626},
 pages = {734--746},
 numpages = {13},
 url = {http://dx.doi.org/10.1109/TVCG.2009.25},
 doi = {10.1109/TVCG.2009.25},
 acmid = {1592276},
 publisher = {IEEE Educational Activities Department},
 address = {Piscataway, NJ, USA},
 keywords = {Volume visualization, Volume visualization, volume rendering, multivariate data, features in volume data., features in volume data., multivariate data, volume rendering},
} 


@article{Glatter:2008, 
author={Glatter, M. and Huang, J. and Ahern, S. and Daniel, J. and Aidong Lu}, 
journal={Visualization and Computer Graphics, IEEE Transactions on}, 
title={Visualizing Temporal Patterns in Large Multivariate Data using Modified Globbing}, 
year={2008}, 
month={Nov}, 
volume={14}, 
number={6}, 
pages={1467-1474}, 
ISSN={1077-2626},
}

@incollection{Ellkvist:2008, 
  year={2008},
  isbn={978-3-540-89964-8},
  booktitle={Provenance and Annotation of Data and Processes},
  volume={5272},
  series={Lecture Notes in Computer Science},
  editor={Freire, Juliana and Koop, David and Moreau, Luc},
  doi={10.1007/978-3-540-89965-5_27},
  title={Using Provenance to Support Real-Time Collaborative Design of Workflows},
  url={http://dx.doi.org/10.1007/978-3-540-89965-5_27},
  publisher={Springer Berlin Heidelberg},
  author={Ellkvist, Tommy and Koop, David and Anderson, ErikW. and Freire, Juliana and Silva, Cl‡udio},
  pages={266-279}
}

@inproceedings{Callahan:2006,
 author = {Callahan, Steven P. and Freire, Juliana and Santos, Emanuele and Scheidegger, Carlos E. 
           and Silva, Cl\'{a}udio T. and Vo, Huy T.},
 title = {VisTrails: Visualization Meets Data Management},
 booktitle = {Proceedings of the 2006 ACM SIGMOD International Conference on Management of Data},
 series = {SIGMOD '06},
 year = {2006},
 isbn = {1-59593-434-0},
 location = {Chicago, IL, USA},
 pages = {745--747},
 numpages = {3},
 url = {http://doi.acm.org/10.1145/1142473.1142574},
 doi = {10.1145/1142473.1142574},
 acmid = {1142574},
 publisher = {ACM},
 address = {New York, NY, USA},
 keywords = {data provenance, scientific dataflows, visualization},
} 

