
@misc{ascr:FutSciWork:2015,
    title = {{The Future of Scientific Workflows:  Report of the DOE NGNS/CS Scientific Workflows Workshop}},
    howpublished = "\url{http://science.energy.gov/ascr/research/}",
    url   = {http://science.energy.gov/ascr/research/},
    month = {April},
    year  = {2015}
}
